@book{voss2008comprehensible,
  title={A comprehensible guide to controller area network},
  author={Voss, Wilfried},
  year={2008},
  publisher={Copperhill Media}
}